112103015000300056701701021712312000000004914079783ING.GESTION Y CONSTR.DE OB   
2216270012170102170102039581000000000292600000000000170103PC1020002912N120017658
2301RBOS. SEG. NACIONAL                   ALLIANZ SE479470-000090433014         
2216270012170102170102039501000000000010000000000000170103PC1020003112N100017659
2301CUOTA ASOCIACION NAC                  OFICINA PR488608-030P00001000         
2216270012170102170102039791000000000038300000000000170103PC2512422712N010017660
2301CDAD.VECINOS NACIONA                  COMUNIDAD 808240-053000500002         
2216270012170102170102039791000000000038800000000000170103PC2512422712N010017661
2301CDAD.VECINOS NACIONA                  COMUNIDAD 808240-053000600002         
22181600281701021612270395010000000000500000000000001701032016122800098330017662
2301CUOTA ASOCIACION NAC                  ASOC.PROVI713805-B92334879    20161228
22181600281701021612301594210000000003191600000000001701032017010200245410017663
2301CUOTAS SEG. SOCIALES                  AUTONOMOS 000384-291010523587 20170102
2216190012170103170103999511000000000012090000000000170104PC1020000301N090017664
2301RECIBOS VARIOS NACIO                  11 Interne424085-016000029149         
2220440150170104170104041922000000000875000000000000170105700550016166   0017665
2301TRASPASO DESDE CTA.                   prestamo juan a ingenieria            
2220448076170104170103039851000000000243830000000000170105MBDK010400102790017666
2301RBOS DE CARBURANTES                   SOLRED    446327-0220ES000B92 20170104
2216240012170109170109039801000000000056850000000000170110PC1020000501N230017667
2301RCBO. ELECTRICIDAD                    Fenie Ener567975-88093131227          
2216240012170109170109039801000000000079650000000000170110PC1020000501N230017668
2301RCBO. ELECTRICIDAD                    Fenie Ener567975-88085131227          
2216280012170110170110999511000000000302500000000000170111PC1020001001N110017669
2301RECIBOS VARIOS NACIO                  ALCAZAR AB613055-B92334879            
2214560150170113170113041922000000000605000000000000170113701350125270   0017670
2301TRASPASO DESDE CTA.                   prestamo jdg a ingenieria             
2211330150170119170119045901000000000630000000000000170119103T701950039740017671
2301TRANSF.SEPA NACIONAL                  NOMINA JOSE GONZALEZ dic-ene17        
2211330150170119170119175611000000000002000000000000170119TM6CMCCPJS6CMTS0017672
2301COMISION TRANSFERENC                  COMISION TRANSFERENCIA SEPA           
2215570012170119170120036161000000000065260000000000170120PC0010011801N010017673
2301IMPUESTOS HACIENDA                    DOMIC.AEAT001001-111739492977         
2215570012170119170119999511000000000095430000000000170120PC1020001201N150017674
2301RECIBOS VARIOS NACIO                  JUAN MANUE629223-25157                
2215570012170119170119039811000000000019150000000000170120PC1020001401N130017675
2301RCBO.TELEFONO                         ORANGE ESP432956-CB9233487903         
2213350150170120170120041922000000000845000000000000170120702050097900   0017676
2301TRASPASO DESDE CTA.                   prestamo jdg a ingenieria             
2213368076170120170119039811000000000167280000000000170120MBDK012000084060017677
2301RCBO.TELEFONO                         ORANGE ESP429586-000046874294 20170120
2216260012170120170120039801000000000057000000000000170123PC1020001801N200017678
2301RCBO. ELECTRICIDAD                    Fenie Ener567975-96530140205          
2216270150170123170123045921000000000352690000000000170124702350197372   0017679
2301TRASPASO A CUENTA                     BENIMELI SL malla                     
2203470150170125170125041922000000000510000000000000170125702550020536   0017680
2301TRASPASO DESDE CTA.                   prestamo jdg a ingenieria             
2203478076170125170124039801000000000647560000000000170125MBDK012500080810017681
2301RCBO. ELECTRICIDAD                    ENDESA    193634-999401589793 20170125
2209510150170125170125045901000000000139490000000000170125103T702550024150017682
2301TRANSF.SEPA NACIONAL                  MORA SALAZAR FAF 8777 POSTES          
2209510150170125170125175611000000000002000000000000170125TM6CMCCPJS6CMTS0017683
2301COMISION TRANSFERENC                  COMISION TRANSFERENCIA SEPA           
2215570012170126170126039501000000000050000000000000170127PC7138052401N010017684
2301CUOTA ASOCIACION NAC                  ASOC.PROVI713805-B92334879            
22023100301701311701310419120000000003200000000000001701310130006190034480017685
2301TRANSF.SEPA NACIONAL                  GENERALI ESPANA SA DE SEGUROS Y REASEG
2216560012170131170131159421000000000173810000000000170201PC0060002701N010017686
2301CUOTAS SEG. SOCIALES                  REG.GRAL. 011250-029111797826         
2216370012170201170201039501000000000010000000000000170202PC1020000102N100017687
2301CUOTA ASOCIACION NAC                  OFICINA PR488608-030P00001000         
2216370012170201170201039791000000000038300000000000170202PC2512422501N030017688
2301CDAD.VECINOS NACIONA                  COMUNIDAD 808240-053000500002         
2216370012170201170201039791000000000038800000000000170202PC2512422501N030017689
2301CDAD.VECINOS NACIONA                  COMUNIDAD 808240-053000600002         
2213190150170202170202041922000000001510000000000000170202703350156800   0017690
2301TRASPASO DESDE CTA.                   prestamo jdg a ingeniería             
22182200281702021701311594210000000003447100000000001702032017020100323280017691
2301CUOTAS SEG. SOCIALES                  AUTONOMOS 000384-291010523587 20170201
22182200281702021701310395010000000003388000000000001702032017020100323370017692
2301CUOTA ASOCIACION NAC                  SPM CONSTR416305-B92334879    20170201
2216520012170203170203039851000000000412620000000000170206PC1020000302N100017693
2301RBOS DE CARBURANTES                   SOLRED    446327-0220ES000B92         
2215040150170206170206045901000000000500000000000000170206103T703750177070017694
2301TRANSF.SEPA NACIONAL                  ITT  CUENTA MIJAS                     
2215040150170206170206175611000000000002000000000000170206TM6CMCCPJS6CMTS0017695
2301COMISION TRANSFERENC                  COMISION TRANSFERENCIA SEPA           
2216290012170206170206999511000000000012090000000000170207PC1020000402N100017696
2301RECIBOS VARIOS NACIO                  11 Interne424085-016000029149         
2217020150170206170206041922000000000605000000000000170207703750301016   0017697
2301TRASPASO DESDE CTA.                   prestamo jdg a ingenieria             
2217070150170206170206045901000000000561050000000000170207703750301543   0017698
2301S/O TRANSF. INTERNA                   TRANSMISEVILLA R.master               
2211120180170207170207021012000000002500000000000000170207               0017699
2301INGRESO EN EFECTIVO                   INGRESO   INGRESO EN EFECTIVO         
2216110150170207170207045901000000000120800000000000170208703850150700   0017700
2301S/O TRANSF. INTERNA                   FERRETERIA LINDE TELA MET.POLI        
22181700281702071702070398010000000001909500000000001702082017020700262310017701
2301RCBO. ELECTRICIDAD                    Fenie Ener567975-79160131114  20170207
2216050012170209170209039801000000000038010000000000170210PC1020000702N230017702
2301RCBO. ELECTRICIDAD                    Fenie Ener567975-88093131227          
2216050012170209170209039801000000000091490000000000170210PC1020000902N070017703
2301RCBO. ELECTRICIDAD                    Fenie Ener567975-88085131227          
2216270012170213170213999511000000000302500000000000170214PC1020001102N070017704
2301RECIBOS VARIOS NACIO                  ALCAZAR AB613055-B92334879            
2216250012170217170217039801000000000072820000000000170220PC1020001602N330017705
2301RCBO. ELECTRICIDAD                    Fenie Ener567975-96530140205          
2216270012170220170220999511000000000095430000000000170221PC1020001402N140017706
2301RECIBOS VARIOS NACIO                  JUAN MANUE629223-25157                
2216320012170222170222039801000000000692530000000000170223PC4829982202N010017707
2301RCBO. ELECTRICIDAD                    ENDESA    193634-999401589793         
2216320012170222170222039501000000000050000000000000170223PC7138051702N010017708
2301CUOTA ASOCIACION NAC                  ASOC.PROVI713805-B92334879            
2216320012170222170222039811000000000019670000000000170223PC1020001802N110017709
2301RCBO.TELEFONO                         ORANGE ESP432956-CB9233487903         
2216320012170222170222039811000000000186540000000000170223PC1020002102N290017710
2301RCBO.TELEFONO                         ORANGE ESP429586-000046874294         
2215570012170223170223999511000000000043700000000000170224PC1020002202N110017711
2301RECIBOS VARIOS NACIO                  Sociedad d426064-ASPY-0000165         
2212480150170224170224045901000000000093170000000000170224705550093140   0017712
2301S/O TRANSF. INTERNA                   FERR. LUQUE F 5964 malla              
2217180012170228170228159421000000000403910000000000170301PC0060002402N010017713
2301CUOTAS SEG. SOCIALES                  REG.GRAL. 011250-029111797826         
2213088076170301170301039391000000000020440000000000170301MBDK030100354310017714
2301RECIBOS DE AGUA                       EMASA     POLIZA :10000002862520170301
2213098076170301170301039391000000000048830000000000170301MBDK030100354400017715
2301RECIBOS DE AGUA                       EMASA     POLIZA :10000002862520170301
2213280150170301170301041912000000000700000000000000170301               0017716
2301TRANSFERENCIA INTERN                  ABONO                                 
2213338076170301170301159421000000000344710000000000170301MBDK030100353790017717
2301CUOTAS SEG. SOCIALES                  AUTONOMOS 000384-291010523587 20170301
2216360012170301170301039501000000000010000000000000170302PC1020000103N100017718
2301CUOTA ASOCIACION NAC                  OFICINA PR488608-030P00001000         
2216360012170301170301039581000000000258630000000000170302PC1020000103N100017719
2301RBOS. SEG. NACIONAL                   ALLIANZ SE479470-000601323381         
2216360012170301170301039791000000000038300000000000170302PC2512422202N010017720
2301CDAD.VECINOS NACIONA                  COMUNIDAD 808240-053000500002         
2216360012170301170301039791000000000038800000000000170302PC2512422202N010017721
2301CDAD.VECINOS NACIONA                  COMUNIDAD 808240-053000600002         
2221180150170302170302045901000000000100000000000000170303706250021504   0017722
2301S/O TRANSF. INTERNA                   ..                                    
2213140148170307170307021012000000000800000000000000170307               0017723
2301INGRESO EN EFECTIVO                   INGRESO   INGRESO EN EFECTIVO         
2214520150170307170307999511000000000127800000000000170307OA01030300109730017724
2301RECIBOS VARIOS NACIO                  OM SUSCRIP490189-000000536731 20170303
2216270012170307170307039801000000000034580000000000170308PC1020000703N110017725
2301RCBO. ELECTRICIDAD                    Fenie Ener567975-88093131227          
22181700281703071703070398510000000004626500000000001703082017030600082240017726
2301RBOS DE CARBURANTES                   SOLRED    446327-0220ES000B92 20170306
22181700281703071703070398010000000000682600000000001703082017030700297540017727
2301RCBO. ELECTRICIDAD                    Fenie Ener567975-88085131227  20170307
2210448076170308170302981752000000000127800000000000170308DE1020000203N090017728
2301RETROCESION CARGO                     DEV.REC. 490189-000000536731          
2216110012170309170309999511000000000012090000000000170310PC1020000903N090017729
2301RECIBOS VARIOS NACIO                  11 Interne424085-016000029149         
2216400150170309170309045901000000000200000000000000170310706850126464   0017730
2301S/O TRANSF. INTERNA                   TRANSMISEVILLA 1 DE 2                 
2212403011170310170310041912000000016349400000000000170310706950104664   0017731
2301TRANSFERENCIA INTERN                  AYUNTAMIENTO DE CASABERMEJA           
2216470150170310170310045921000000001230000000000000170310103T706900009030017732
2301TRASPASO A CUENTA                     HIPOTECA TEJIDOS                      
2216470150170310170310175611000000000002000000000000170313TM6CMCCTBT4CCDR0017733
2301COMISION TRANSFERENC                  COM. TRANSF. 21030150000001985        
22181700281703101703109995110000000003025000000000001703132017031000052120017734
2301RECIBOS VARIOS NACIO                  ALCAZAR AB613055-B92334879    20170310
2212360150170313170313045901000000000199860000000000170313707250173432   0017735
2301S/O TRANSF. INTERNA                   CAMISOL FRA 37 .retenciones           
2212370150170313170313045901000000000255440000000000170313707250173723   0017736
2301S/O TRANSF. INTERNA                   CAMISOL FRA 23.retenciones            
2212480150170313170313045901000000001230000000000000170313103T707250099910017737
2301TRANSF.SEPA NACIONAL                  ITT  CUENTA MIJAS                     
2212480150170313170313175611000000000002000000000000170313TM6CMCCPJS6CMTS0017738
2301COMISION TRANSFERENC                  COMISION TRANSFERENCIA SEPA           
2212530150170313170313041562000000000002000000000000170313TM6CT22 TM2CT220017739
2301ABONO POR RETROCESIO                  COMISION TRANSFERENCIA SEPA           
2212530150170313170313041562000000000002000000000000170313TM6CT22 TM2CT220017740
2301ABONO POR RETROCESIO                  COM. TRANSF. 21030150000001985        
2212540150170313170313041562000000000002000000000000170313TM6CT22 TM2CT220017741
2301ABONO POR RETROCESIO                  COMISION TRANSFERENCIA SEPA           
2212540150170313170313041562000000000002000000000000170313TM6CT22 TM2CT220017742
2301ABONO POR RETROCESIO                  COMISION TRANSFERENCIA SEPA           
2212540150170313170313041562000000000002000000000000170313TM6CT22 TM2CT220017743
2301ABONO POR RETROCESIO                  COMISION TRANSFERENCIA SEPA           
2212540150170313170313041562000000000002000000000000170313TM6CT22 TM2CT220017744
2301ABONO POR RETROCESIO                  COMISION TRANSFERENCIA SEPA           
2212560150170313170313045901000000002216720000000000170313103T707250102090017745
2301TRANSF.SEPA NACIONAL                  HORM. DOGILO FRAS 956-1137-R64        
2212560150170313170313175611000000000002000000000000170313TM6CMCCPJS6CMTS0017746
2301COMISION TRANSFERENC                  COMISION TRANSFERENCIA SEPA           
2213220150170313170313045901000000000068140000000000170313707250186356   0017747
2301S/O TRANSF. INTERNA                   ALM. MORENO  FRA F16002108            
2213390150170313170313045901000000000172300000000000170313707250191201   0017748
2301S/O TRANSF. INTERNA                   MIGUEL DIAZ HIERRO FRA 3.POLID        
2213460150170313170313045901000000000094770000000000170313707250192973   0017749
2301S/O TRANSF. INTERNA                   POLMELLI FRA1600542                   
2213510150170313170313045901000000000157300000000000170313103T707250116790017750
2301TRANSF.SEPA NACIONAL                  POSTIGO HERRERO FRA 000028            
2213510150170313170313175611000000000002000000000000170313TM6CMCCPJS6CMTS0017751
2301COMISION TRANSFERENC                  COMISION TRANSFERENCIA SEPA           
2213570150170313170313045901000000001614380000000000170313103T707250117900017752
2301TRANSF.SEPA NACIONAL                  SASMA FRA 3 POLIDEPORTIVO             
2213570150170313170313175611000000000002000000000000170313TM6CMCCPJS6CMTS0017753
2301COMISION TRANSFERENC                  COMISION TRANSFERENCIA SEPA           
2219530150170313170313045901000000000544500000000000170314707350007384   0017754
2301S/O TRANSF. INTERNA                   PALYMAR JOYMA FRA 20170019            
2219580150170313170313045901000000003868370000000000170314707350007874   0017755
2301S/O TRANSF. INTERNA                   PALYMAR JOYMA FRA 20170023            
2211110150170315170315045901000000000326150000000000170315707450068884   0017756
2301S/O TRANSF. INTERNA                   FERR. LUQUE FRAS VARIAS               
22000000481703161703121254310000000007635600000000001703163160931231487940017757
2301COMP.TPV FISICO NACI                  AIR FRANCE                            
22000000481703161703131254310000000000233600000000001703163160931232152660017758
2301COMP.TPV FISICO NACI                  ALIEXPRESS                            
2212120150170316170316045901000000000472530000000000170316707550079203   0017759
2301S/O TRANSF. INTERNA                   ESC. FLORES FRA 420 resto fra         
2212170150170316170316045901000000000969700000000000170316707550080113   0017760
2301S/O TRANSF. INTERNA                   FLORES fras 48-98-488-545-107         
2201200006170317170317177021000000000010000000000000170317TM6CMCCPBG6CNCM0017761
2301COM.MANTENIMIENTO                     COMISION DE MANTENIMIENTO             
2212300150170317170317045901000000000830060000000000170317707650085742   0017762
2301S/O TRANSF. INTERNA                   METAL GOMEZ FRA 243/1-CHAPAS C        
2216280012170317170317039801000000000051700000000000170320PC1020001703N070017763
2301RCBO. ELECTRICIDAD                    Fenie Ener567975-96530140205          
2216260012170320170320999511000000000095430000000000170321PC1020001103N140017764
2301RECIBOS VARIOS NACIO                  JUAN MANUE629223-25157                
2216260012170320170320039801000000000126970000000000170321PC1020001803N100017765
2301RCBO. ELECTRICIDAD                    Fenie Ener567975-79160131114          
2216400012170322170322039811000000000019150000000000170323PC1020001703N100017766
2301RCBO.TELEFONO                         ORANGE ESP432956-CB9233487903         
2216400012170322170322039811000000000163310000000000170323PC1020002003N160017767
2301RCBO.TELEFONO                         ORANGE ESP429586-000046874294         
22205310301703231703231254310000000000504400000000001703243232053239134780017768
2301COMP.TPV FISICO NACI                  MERCADONA PLAZA MAYOR                 
2216260012170324170324039501000000000050000000000000170327PC7138052203N010017769
2301CUOTA ASOCIACION NAC                  ASOC.PROVI713805-B92334879            
22122100481703281703281254310000000000753000000000001703283281221397479610017770
2301COMP.TPV FISICO NACI                  BRICOMART MALAGA                      
22170900481703281703281254310000000000500000000000001703293281709289606920017771
2301COMP.TPV VIRTUAL NAC                  DGT SANCIONES INTERN                  
22211800481703281703281254310000000000779300000000001703293282118118643860017772
2301COMP.TPV FISICO NACI                  IKEA MALAGA                           
2217010183170329170329041912000000002764250000000000170330708850135911   0017773
2301TRANSFERENCIA INTERN                  CDAD. PROPIETARIOS C/JUAN CABA        
22181600281703291703290398010000000005896800000000001703302017032400058950017774
2301RCBO. ELECTRICIDAD                    ENDESA    193634-999401589793 20170324
2213283009170330170330041912000000013711540000000000170330708950119593   0017775
2301TRANSFERENCIA INTERN                  AYUNTAMIENTO DE CANILLAS DE AC        
22134500481703301703301254310000000002120000000000001703303301345106978890017776
2301COMP.TPV FISICO NACI                  BEFARA DIRECTO                        
2214020150170330170330045901000000013711550000000000170330103T708950094810017777
2301TRANSF.SEPA NACIONAL                  cert 1 calle convento FERSON          
2214020150170330170330175611000000000009600000000000170330TM6CMCCPJS6CMTS0017778
2301COMISION TRANSFERENC                  COMISION TRANSFERENCIA SEPA           
2216520012170331170331159421000000000058940000000000170403PC0060002903N010017779
2301CUOTAS SEG. SOCIALES                  REG.GRAL. 011250-029111797826         
2216520012170331170331159421000000000344710000000000170403PC0060002903N010017780
2301CUOTAS SEG. SOCIALES                  AUTONOMOS 000384-291010523587         
2212270150170403170403041562000000000009600000000000170403TM6CT22 TM2CT220017781
2301ABONO POR RETROCESIO                  COMISION TRANSFERENCIA SEPA           
2212270150170403170403041562000000000008000000000000170403TM6CT22 TM2CT220017782
2301ABONO POR RETROCESIO                  COMISION DE MANTENIMIENTO             
2216370012170403170403039811000000000001550000000000170404PC1020000104N090017783
2301RCBO.TELEFONO                         FIJO952758253.ABR                     
2216370012170403170403039791000000000038300000000000170404PC2512422703N010017784
2301CDAD.VECINOS NACIONA                  COMUNIDAD 808240-053000500002         
2216370012170403170403039791000000000038800000000000170404PC2512422703N010017785
2301CDAD.VECINOS NACIONA                  COMUNIDAD 808240-053000600002         
2216310012170404170404999511000000000012090000000000170405PC1020000404N090017786
2301RECIBOS VARIOS NACIO                  11 Interne424085-016000029149         
2216310012170404170404039851000000000301970000000000170405PC1020000404N090017787
2301RBOS DE CARBURANTES                   SOLRED    446327-0220ES000B92         
2218190150170404170404045921000000000500000000000000170405709450218670   0017788
2301TRASPASO A CUENTA                     nomina jdg                            
22022900301704061704060419120000000008004200000000001704060405006190375350017789
2301TRANSF.SEPA NACIONAL                  NEXT SHOPPING CERRADO DE CALDERON SL  
2211260151170406170406041912000000000300000000000000170406709650098361   0017790
2301TRANSFERENCIA INTERN                  CDAD.PROP.C/TEJIDOS Nº3               
2211520150170406170406045901000000000205280000000000170406709650106761   0017791
2301S/O TRANSF. INTERNA                   TRANSMISEVILLA 2 DE 2                 
2216270012170407170407039801000000000031850000000000170410PC1020000504N170017792
2301RCBO. ELECTRICIDAD                    Fenie Ener567975-88093131227          
2216270012170407170407039801000000000053050000000000170410PC1020000504N170017793
2301RCBO. ELECTRICIDAD                    Fenie Ener567975-88085131227          
2216270012170407170407999511000000000302500000000000170410PC1020000704N070017794
2301RECIBOS VARIOS NACIO                  ALCAZAR AB613055-B92334879            
2216510150170407170407045921000000001230000000000000170407103T709700005090017795
2301TRASPASO A CUENTA                     HIPOTECA TEJIDOS                      
2216510150170407170407175611000000000002000000000000170410TM6CMCCTBT4CCDR0017796
2301COMISION TRANSFERENC                  COM. TRANSF. 21030150000001985        
2211110150170418170418045901000000000127800000000000170418103T710850047030017797
2301TRANSF.SEPA NACIONAL                  OM SUSCRIPCIONES AVAL C.UNION         
2211110150170418170418175611000000000002000000000000170418TM6CMCCPJS6CMTS0017798
2301COMISION TRANSFERENC                  COMISION TRANSFERENCIA SEPA           
2216280012170418170418039801000000000047710000000000170419PC1020001304N290017799
2301RCBO. ELECTRICIDAD                    Fenie Ener567975-96530140205          
2208320150170420170420036161000000000078920000000000170420OA01042002657590017800
2301IMPUESTOS HACIENDA                    DOMIC.AEAT001001-111833097672 20170420
2208320150170420170420036161000000000155390000000000170420OA01042002047350017801
2301IMPUESTOS HACIENDA                    DOMIC.AEAT001001-202839015748 20170420
2219190150170420170420041922000000000105000000000000170421711150004951   0017802
2301TRASPASO DESDE CTA.                   prestamo jdg a ingenieria             
2211110150170425170425039811000000000019410000000000170425OA01042400067770017803
2301RCBO.TELEFONO                         ORANGE ESP432956-CB9233487903 20170424
2211110150170425170425999511000000000095430000000000170425OA01042100081170017804
2301RECIBOS VARIOS NACIO                  JUAN MANUE629223-25157        20170421
2211120150170425170425039811000000000141220000000000170425OA01042400067680017805
2301RCBO.TELEFONO                         ORANGE ESP429586-000046874294 20170424
2213100150170426170426041922000000002000000000000000170426711650097551   0017806
2301TRASPASO DESDE CTA.                   prestamo juan                         
22181600281704261704260398010000000006337600000000001704272017042400067590017807
2301RCBO. ELECTRICIDAD                    ENDESA    193634-999401589793 20170424
22181600281704261704269995110000000000302500000000001704272017042600102160017808
2301RECIBOS VARIOS NACIO                  Arsys Inte442070-ESB923348790 20170426
2211183009170427170427041912000000043658740000000000170427711750085245   0017809
2301TRANSFERENCIA INTERN                  AYUNTAMIENTO DE CANILLAS DE AC        
2212270150170428170428045901000000020000000000000000170428103T711850085460017810
2301TRANSF.SEPA NACIONAL                  CERT 2 CALLE CONVENTO FERSON          
2212270150170428170428175611000000000014000000000000170428TM6CMCCPJS6CMTS0017811
2301COMISION TRANSFERENC                  COMISION TRANSFERENCIA SEPA           
2217480012170428170428039501000000000050000000000000170502PC7138052604N010017812
2301CUOTA ASOCIACION NAC                  ASOC.PROVI713805-B92334879            
2217480012170428170428159421000000000032310000000000170502PC0060002604N010017813
2301CUOTAS SEG. SOCIALES                  REG.GRAL. 011250-029111797826         
2217480012170428170428159421000000000344710000000000170502PC0060002604N010017814
2301CUOTAS SEG. SOCIALES                  AUTONOMOS 000384-291010523587         
2217330150170430170502045901000000020000000000000000170502103T712250055470017815
2301TRANSF.SEPA NACIONAL                  CERT 2 CALLE CONVENTO FERSON 2        
2217330150170430170430175611000000000014000000000000170502TM6CMCCPJS6CMTS0017816
2301COMISION TRANSFERENC                  COMISION TRANSFERENCIA SEPA           
2211210150170502170502045901000000001940160000000000170502103T712250167670017817
2301TRANSF.SEPA NACIONAL                  CERT 2 CALLE CONVENTO FERSON 3        
2211210150170502170502175611000000000002000000000000170502TM6CMCCPJS6CMTS0017818
2301COMISION TRANSFERENC                  COMISION TRANSFERENCIA SEPA           
2216320012170502170502039811000000000011830000000000170503PC1020002804N300017819
2301RCBO.TELEFONO                         MOV.689750145.MAY                     
2216320012170502170502039811000000000040000000000000170503PC1020002804N300017820
2301RCBO.TELEFONO                         FIJO952758253.MAY                     
2216320012170502170502039791000000000038300000000000170503PC2512422504N010017821
2301CDAD.VECINOS NACIONA                  COMUNIDAD 808240-053000500002         
2216320012170502170502039791000000000038800000000000170503PC2512422504N010017822
2301CDAD.VECINOS NACIONA                  COMUNIDAD 808240-053000600002         
2212410150170503170503045901000000000159000000000000170503103T712350102530017823
2301TRANSF.SEPA NACIONAL                  ALFREDO TOPOGRAFO FRA 063-17          
2212410150170503170503175611000000000002000000000000170503TM6CMCCPJS6CMTS0017824
2301COMISION TRANSFERENC                  COMISION TRANSFERENCIA SEPA           
2216290012170503170503999511000000000012090000000000170504PC1020000205N160017825
2301RECIBOS VARIOS NACIO                  11 Interne424085-016000029149         
2216290012170503170503039851000000000273660000000000170504PC1020000305N100017826
2301RBOS DE CARBURANTES                   SOLRED    446327-0220ES000B92         
2211130150170505170505041922000000008000000000000000170505712550103570   0017827
2301TRASPASO DESDE CTA.                   prestamo francisca gonzalez           
2211148076170505170505039391000000000012290000000000170505MBDK042600102340017828
2301RECIBOS DE AGUA                       EMASA     POLIZA :10000002862520170426
2211158076170505170505039391000000000024620000000000170505MBDK050300478070017829
2301RECIBOS DE AGUA                       EMASA     POLIZA :10000002862520170503
2211158076170505170505039391000000000055530000000000170505MBDK050300478160017830
2301RECIBOS DE AGUA                       EMASA     POLIZA :10000002862520170503
2211190150170505170505045901000000005482840000000000170505103T712550066880017831
2301TRANSF.SEPA NACIONAL                  Parque Antena proc. 44/2017           
2211190150170505170505175611000000000009870000000000170505TM6CMCCPJS6CMTS0017832
2301COMISION TRANSFERENC                  COMISION TRANSFERENCIA SEPA           
2212161000170505170505036161000000000075000000000000170505PAGO RECIBO A.E0017833
2301IMPUESTOS HACIENDA                    A.E.A.T.JUST: 291702045991C           
2216480012170505170505999511000000000012090000000000170508PC1020000505N090017834
2301RECIBOS VARIOS NACIO                  11 Interne424085-016000029149         
2215200150170507170508045921000000001230000000000000170508103T712800016450017835
2301TRASPASO A CUENTA                     HIPOTECA TEJIDOS                      
2215200150170507170507175611000000000002000000000000170508TM6CMCCTBT4CCDR0017836
2301COMISION TRANSFERENC                  COM. TRANSF. 21030150000001985        
2216330012170508170508039801000000000032660000000000170509PC1020002904N120017837
2301RCBO. ELECTRICIDAD                    Fenie Ener567975-88093131227          
2216330012170508170508039801000000000049330000000000170509PC1020000505N320017838
2301RCBO. ELECTRICIDAD                    Fenie Ener567975-88085131227          
2211470150170510170510045901000000000040000000000000170510713050097783   0017839
2301S/O TRANSF. INTERNA                   multa clio fuengirola                 
2212030150170510170510045901000000000608110000000000170510103T713050070230017840
2301TRANSF.SEPA NACIONAL                  PARQUE ANTENA PROCURADOR EJECU        
2212030150170510170510175611000000000002000000000000170510TM6CMCCPJS6CMTS0017841
2301COMISION TRANSFERENC                  COMISION TRANSFERENCIA SEPA           
2216280012170510170510999511000000000302500000000000170511PC1020001005N090017842
2301RECIBOS VARIOS NACIO                  ALCAZAR AB613055-B92334879            
2216370012170511170511999511000000000012090000000000170512PC1020001005N340017843
2301RECIBOS VARIOS NACIO                  11 Interne424085-016000029149         
2216290012170518170518039801000000000543760000000000170519PC4829981805N010017844
2301RCBO. ELECTRICIDAD                    ENDESA    193634-999401589793         
2216290012170518170518039801000000000037030000000000170519PC1020001705N340017845
2301RCBO. ELECTRICIDAD                    Fenie Ener567975-96530140205          
2213210150170519170519041922000000005000000000000000170519713950095192   0017846
2301TRASPASO DESDE CTA.                   prestamo mama a juan                  
2216350012170519170519999511000000000121000000000000170522PC1020001305N130017847
2301RECIBOS VARIOS NACIO                  JUAN MANUE629223-25157                
2216350012170519170519039811000000000019150000000000170522PC1020001805N120017848
2301RCBO.TELEFONO                         ORANGE ESP432956-CB9233487903         
2216350012170519170519039811000000000135520000000000170522PC1020001805N350017849
2301RCBO.TELEFONO                         ORANGE ESP429586-000046874294         
22022400301705201705220419120000000052085800000000001705220519006140187800017850
2301TRANSF.SEPA NACIONAL                  INGENOP PROMOTORES S.L.               
22022400301705201705220419120000000018114500000000001705220519006140187810017851
2301TRANSF.SEPA NACIONAL                  INGENOP PROMOTORES S.L.               
2209582032170522170522015891000000005829980000609995170522OH07 CH.06099950017852
2301COMPENS.PAGARE C/C.                   PAGARE 06099953 VTO 20/05/2017        
2216260012170523170523039581000000000219280000000000170524PC1020002305N100017853
2301RBOS. SEG. NACIONAL                   AMV HISPAN425100-100141945            
22172100481705251705251254310000000002503000000000001705265251721415326110017854
2301COMP.TPV FISICO NACI                  MERENDERO LITORAL                     
2216360012170526170526039501000000000050000000000000170529PC7138052305N020017855
2301CUOTA ASOCIACION NAC                  ASOC.PROVI713805-B92334879            
2217000012170531170531159421000000000344710000000000170601PC0060002905N010017856
2301CUOTAS SEG. SOCIALES                  AUTONOMOS 000384-291010523587         
2211100150170601170601045921000000001000000000000000170601715250127186   0017857
2301TRASPASO A CUENTA                     nomina ingenop jdg                    
2216420012170601170601039581000000000080810000000000170602PC1020003005N130017858
2301RBOS. SEG. NACIONAL                   ALLIANZ SE479470-000641031267         
2216420012170601170601039581000000000533790000000000170602PC1020003005N130017859
2301RBOS. SEG. NACIONAL                   ALLIANZ SE479470-000068857905         
2216420012170601170601039581000000000342170000000000170602PC1020003005N130017860
2301RBOS. SEG. NACIONAL                   ALLIANZ SE479470-000134994062         
2216420012170601170601039811000000000046630000000000170602PC1020003105N340017861
2301RCBO.TELEFONO                         FIJO952758253.JUN                     
2216420012170601170601039791000000000062940000000000170602PC2512422605N010017862
2301CDAD.VECINOS NACIONA                  COMUNIDAD 808240-053000500002         
2216420012170601170601039791000000000063770000000000170602PC2512422605N010017863
2301CDAD.VECINOS NACIONA                  COMUNIDAD 808240-053000600002         
2209480150170602170531996511000000000031510000000000170602OA01053101861450017864
2301RECIBOS VARIOS NACIO                  PROVISIONE-UNICAJA            20170531
22135900481706051706051254310000000000300000000000001706056051359583843540017865
2301COMP.TPV FISICO NACI                  SMASSA - SALITRE                      
2216310012170605170605039401000000000064280000000000170606PC0358322605N010017866
2301IMPUESTOS                             IBI-URBANO000071-300044676096         
2216310012170605170605039401000000000064280000000000170606PC0358322605N010017867
2301IMPUESTOS                             IBI-URBANO000071-300044676097         
2216310012170605170605999511000000000010480000000000170606PC1020000306N090017868
2301RECIBOS VARIOS NACIO                  11 Interne424085-016000029149         
2213370150170607170607021012000000000900000000000000170607               0017869
2301INGRESO EN EFECTIVO                   INGRESO   INGRESO EN EFECTIVO         
2213410150170607170607041562000000000014000000000000170607TM6CT22 TM2CT220017870
2301ABONO POR RETROCESIO                  COMISION TRANSFERENCIA SEPA           
2213410150170607170607041562000000000014000000000000170607TM6CT22 TM2CT220017871
2301ABONO POR RETROCESIO                  COMISION TRANSFERENCIA SEPA           
2213420150170607170607041562000000000009870000000000170607TM6CT22 TM2CT220017872
2301ABONO POR RETROCESIO                  COMISION TRANSFERENCIA SEPA           
2209290150170608170608039851000000000297200000000000170608OA01060600287170017873
2301RBOS DE CARBURANTES                   SOLRED    446327-0220ES000B92 20170606
2213153009170609170609041912000000013498760000000000170609716050105891   0017874
2301TRANSFERENCIA INTERN                  AYUNTAMIENTO DE CANILLAS DE AC        
2213218076170609170609039801000000000043020000000000170609MBDK060900048010017875
2301RCBO. ELECTRICIDAD                    Fenie Ener567975-88085131227  20170609
2213228076170609170609039801000000000027810000000000170609MBDK060900048100017876
2301RCBO. ELECTRICIDAD                    Fenie Ener567975-88093131227  20170609
2213223009170609170609041912000000025629720000000000170609716050107630   0017877
2301TRANSFERENCIA INTERN                  AYUNTAMIENTO DE CANILLAS DE AC        
2213228076170609170609999511000000000003150000000000170609MBDK060900048290017878
2301RECIBOS VARIOS NACIO                  AXESOR CON461338-1457827      20170609
2213290150170609170609045901000000006534000000000000170609103T716050082350017879
2301TRANSF.SEPA NACIONAL                  ferson2017035 pintura Canillas        
2213290150170609170609175611000000000004570000000000170609TM6CMCCPJS6CMTS0017880
2301COMISION TRANSFERENC                  COMISION TRANSFERENCIA SEPA           
2213300150170609170609045901000000006534000000000000170609103T716050082640017881
2301TRANSF.SEPA NACIONAL                  FERSON 2017036 LIQ CANILLAS           
2213300150170609170609175611000000000004570000000000170609TM6CMCCPJS6CMTS0017882
2301COMISION TRANSFERENC                  COMISION TRANSFERENCIA SEPA           
2216470150170609170609045921000000001230000000000000170609103T716000004450017883
2301TRASPASO A CUENTA                     HIPOTECA TEJIDOS                      
2216470150170609170609175611000000000002000000000000170612TM6CMCCTBT4CCDR0017884
2301COMISION TRANSFERENC                  COM. TRANSF. 21030150000001985        
22110800481706101706101254310000000000549300000000001706126101108449085810017885
2301COMP.TPV FISICO NACI                  E.S.ELVIRA II                         
2211170150170612170612045901000000015000000000000000170612103T716350084710017886
2301TRANSF.SEPA NACIONAL                  FERSON 2017033  CERT3 CANILLAS        
2211170150170612170612175611000000000010500000000000170612TM6CMCCPJS6CMTS0017887
2301COMISION TRANSFERENC                  COMISION TRANSFERENCIA SEPA           
22124700481706121706121254310000000001000000000000001706126121247188899300017888
2301COMP.TPV VIRTUAL NAC                  DGT SANCIONES INTERN                  
2216450012170612170612039801000000000191050000000000170613PC1020000806N240017889
2301RCBO. ELECTRICIDAD                    Fenie Ener567975-79160131114          
2216450012170612170612999511000000000302500000000000170613PC1020001006N090017890
2301RECIBOS VARIOS NACIO                  ALCAZAR AB613055-B92334879            
22011800481706141706141254310000000002500000000000001706146140118450262550017891
2301COMP.TPV VIRTUAL NAC                  DGT SANCIONES INTERN                  
22022000301706141706140419120000000080480000000000001706140613006170230770017892
2301TRANSF.SEPA NACIONAL                  ALLIANZ CIA DE SEGUROS Y REASEGUROS   
2210040150170614170614045901000000009850480000000000170614103T716550032050017893
2301TRANSF.SEPA NACIONAL                  FERSON 2017037  C3 CANIl. 2de2        
2210040150170614170614175611000000000006900000000000170614TM6CMCCPJS6CMTS0017894
2301COMISION TRANSFERENC                  COMISION TRANSFERENCIA SEPA           
2212140150170616170616045901000000001477510000000000170616103T716750057890017895
2301TRANSF.SEPA NACIONAL                  Abogado Genoveva P. Antena            
2212140150170616170616175611000000000002000000000000170616TM6CMCCPJS6CMTS0017896
2301COMISION TRANSFERENC                  COMISION TRANSFERENCIA SEPA           
2212500150170616170616045901000000000297820000000000170616716750095590   0017897
2301S/O TRANSF. INTERNA                   ESCAYOLAS FLORES FRA 170248           
2216320012170616170616039801000000000040900000000000170619PC1020000906N130017898
2301RCBO. ELECTRICIDAD                    Fenie Ener567975-96530140205          
2201420006170617170617177021000000000010000000000000170619TM6CMCCPBG6CNCM0017899
2301COM.MANTENIMIENTO                     COMISION DE MANTENIMIENTO             
2216470012170619170619999511000000000121000000000000170620PC1020000706N200017900
2301RECIBOS VARIOS NACIO                  JUAN MANUE629223-25157                
22021800301706201706200419120000000000577000000000001706200619006190036420017901
2301TRANSF.SEPA NACIONAL                  OM SUSCRIPCION DE RIESGOS S.A.        
2216330012170620170620039811000000000019150000000000170621PC1020001606N090017902
2301RCBO.TELEFONO                         ORANGE ESP432956-CB9233487903         
2216330012170620170620039811000000000131490000000000170621PC1020002006N110017903
2301RCBO.TELEFONO                         ORANGE ESP429586-000046874294         
22164835901706201706200369910000000027111700000000001706200290002201700050017904
2301EMBARGOS TELEMATICOS                  EMBARGO PTO.REC.PROV.MALAGA           
2216360012170621170621039801000000000599930000000000170622PC4829982106N010017905
2301RCBO. ELECTRICIDAD                    ENDESA    193634-999401589793         
2210073011170622170622041912000000052683280000000000170622717350048860   0017906
2301TRANSFERENCIA INTERN                  AYUNTAMIENTO DE CASABERMEJA           
2213440150170622170622045901000000010182970000000000170622103T717350069380017907
2301TRANSF.SEPA NACIONAL                  HORM. DOGILO FRAS  1030-2403-a        
2213440150170622170622175611000000000007130000000000170622TM6CMCCPJS6CMTS0017908
2301COMISION TRANSFERENC                  COMISION TRANSFERENCIA SEPA           
2213530150170622170622045921000000005000000000000000170622717350099083   0017909
2301TRASPASO A CUENTA                     dev prestamo in a mama 19/5/17        
2213560150170622170622045901000000000458260000000000170622103T717350071650017910
2301TRANSF.SEPA NACIONAL                  Segurcos. Pol.36522693 Ing.Pro        
2213560150170622170622175611000000000002000000000000170622TM6CMCCPJS6CMTS0017911
2301COMISION TRANSFERENC                  COMISION TRANSFERENCIA SEPA           
2216300012170626170626039501000000000050000000000000170627PC7138051606N010017912
2301CUOTA ASOCIACION NAC                  ASOC.PROVI713805-B92334879            
2220210150170629170629045901000000001000000000000000170630718150017164   0017913
2301S/O TRANSF. INTERNA                   TRANSMISEVILLA 1 de 2                 
2216430012170630170630159421000000000352960000000000170703PC0060002806N010017914
2301CUOTAS SEG. SOCIALES                  REG.GRAL. 011250-029111797826         
2216430012170630170630159421000000000344710000000000170703PC0060002806N010017915
2301CUOTAS SEG. SOCIALES                  AUTONOMOS 000384-291010523587         
22114100481707031707031254310000000001000000000000001707037031141354902670017916
2301COMP.TPV VIRTUAL NAC                  DGT SANCIONES INTERN                  
2211438076170703170703039391000000000012290000000000170703MBDK062700089850017917
2301RECIBOS DE AGUA                       EMASA     POLIZA :10000002862520170627
2211438076170703170703039391000000000040060000000000170703MBDK063000061890017918
2301RECIBOS DE AGUA                       EMASA     POLIZA :10000002862520170630
2211448076170703170703039391000000000051670000000000170703MBDK063000061980017919
2301RECIBOS DE AGUA                       EMASA     POLIZA :10000002862520170630
2216340012170703170703039581000000000284240000000000170704PC1020002806N130017920
2301RBOS. SEG. NACIONAL                   ALLIANZ SE479470-000090433014         
2216340012170703170703039811000000000041730000000000170704PC1020003006N320017921
2301RCBO.TELEFONO                         FIJO952758253.JUL                     
2216340012170703170703039791000000000062940000000000170704PC2512422706N010017922
2301CDAD.VECINOS NACIONA                  COMUNIDAD 808240-053000500002         
2216340012170703170703039791000000000063770000000000170704PC2512422706N010017923
2301CDAD.VECINOS NACIONA                  COMUNIDAD 808240-053000600002         
2219270150170703170704045901000000000578380000000000170704103T718550006310017924
2301TRANSF.SEPA NACIONAL                  POSTIGO HERRERO FRA 0 y 16            
2219270150170703170703175611000000000002000000000000170704TM6CMCCPJS6CMTS0017925
2301COMISION TRANSFERENC                  COMISION TRANSFERENCIA SEPA           
2209550150170704170704045921000000002000000000000000170704718550093440   0017926
2301TRASPASO A CUENTA                     nomina ingenop jdg                    
2210060150170704170630996511000000000015750000000000170704OA01063001960090017927
2301RECIBOS VARIOS NACIO                  PROVISIONE-UNICAJA            20170630
2216300012170704170704999511000000000013300000000000170705PC1020000307N190017928
2301RECIBOS VARIOS NACIO                  11 Interne424085-016000029149         
2216300012170704170704039581000000000665920000000000170705PC1020000407N100017929
2301RBOS. SEG. NACIONAL                   ALLIANZ SE479470-000090467426         
2216300012170704170704999511000000000158270000000000170705PC1020000407N100017930
2301RECIBOS VARIOS NACIO                  Arsys Inte442070-ESB923348790         
2216300012170704170704039851000000000326550000000000170705PC1020000407N100017931
2301RBOS DE CARBURANTES                   SOLRED    446327-0220ES000B92         
2216270012170705170705039401000000000065800000000000170706PC0358322806N020017932
2301IMPUESTOS                             I.V.T.M.  000200-014000886591         
2216270012170705170705039401000000000081650000000000170706PC0358322806N020017933
2301IMPUESTOS                             I.V.T.M.  000200-014000919380         
2216270012170705170705039401000000000058500000000000170706PC0358322806N020017934
2301IMPUESTOS                             I.V.T.M.  000200-014000932250         
2216270012170705170705039401000000000065800000000000170706PC0358322806N020017935
2301IMPUESTOS                             I.V.T.M.  000200-014000932735         
2210340150170706170706045901000000000569000000000000170706718750085584   0017936
2301S/O TRANSF. INTERNA                   ARMASOL FRA 51                        
2211450150170706170706045901000000000405960000000000170706103T718750071620017937
2301TRANSF.SEPA NACIONAL                  HORM. DOGILO FRAS 2800-3049           
2211450150170706170706175611000000000002000000000000170706TM6CMCCPJS6CMTS0017938
2301COMISION TRANSFERENC                  COMISION TRANSFERENCIA SEPA           
2213100150170706170706045901000000000532400000000000170706718750140545   0017939
2301S/O TRANSF. INTERNA                   URBANO FRA FB082/17                   
2213380150170706170706045901000000000437820000000000170706718750149553   0017940
2301S/O TRANSF. INTERNA                   POLMELLI FRAs 1700064-177-331         
2209490150170707170707045901000000001474210000000000170707718850058464   0017941
2301S/O TRANSF. INTERNA                   TRANSMISEVILLA 2 DE 2                 
2216230012170707170707039801000000000036530000000000170710PC1020002906N170017942
2301RCBO. ELECTRICIDAD                    Fenie Ener567975-88093131227          
2216230012170707170707039801000000000048180000000000170710PC1020002906N170017943
2301RCBO. ELECTRICIDAD                    Fenie Ener567975-88085131227          
2216420150170707170707045921000000001230000000000000170707103T718800005060017944
2301TRASPASO A CUENTA                     HIPOTECA TEJIDOS                      
2216420150170707170707175611000000000002000000000000170710TM6CMCCTBT4CCDR0017945
2301COMISION TRANSFERENC                  COM. TRANSF. 21030150000001985        
2216240012170711170711999511000000000302500000000000170712PC1020001107N110017946
2301RECIBOS VARIOS NACIO                  ALCAZAR AB613055-B92334879            
2213060150170713170713045901000000000847000000000000170713719450094522   0017947
2301S/O TRANSF. INTERNA                   CAMISOL FRA 16 cimentac. c. fu        
2213170150170713170713045901000000000572260000000000170713719450096935   0017948
2301S/O TRANSF. INTERNA                   GECONSAA FMC1702120-2275              
2213210150170713170713045901000000000232320000000000170713103T719450076490017949
2301TRANSF.SEPA NACIONAL                  CEMOSA FRAS 1023 y 1769               
2213210150170713170713175611000000000002000000000000170713TM6CMCCPJS6CMTS0017950
2301COMISION TRANSFERENC                  COMISION TRANSFERENCIA SEPA           
2222430150170713170713045921000000001120000000000000170714719550017164   0017951
2301TRASPASO A CUENTA                     dev prestamo juan 08/03/2016          
2222440150170713170713045921000000004800000000000000170714719550017190   0017952
2301TRASPASO A CUENTA                     dev prestamo juan 09/03/2016          
2222460150170713170713045921000000000730000000000000170714719550017245   0017953
2301TRASPASO A CUENTA                     dev prestamo juan                     
2222460150170713170713045921000000001235000000000000170714719550017282   0017954
2301TRASPASO A CUENTA                     dev prestamo juan                     
2222480150170713170713045921000000000505000000000000170714719550017330   0017955
2301TRASPASO A CUENTA                     dev prestamo juan                     
2222490150170713170713045921000000000205000000000000170714719550017385   0017956
2301TRASPASO A CUENTA                     dev prestamo juan                     
2222500150170713170713045921000000007005000000000000170714719550017422   0017957
2301TRASPASO A CUENTA                     dev prestamo juan                     
2222500150170713170713045921000000004005000000000000170714719550017444   0017958
2301TRASPASO A CUENTA                     dev prestamo juan                     
2216300012170717170717039801000000000050470000000000170718PC1020001507N110017959
2301RCBO. ELECTRICIDAD                    Fenie Ener567975-96530140205          
2216160012170719170719999511000000000121000000000000170720PC1020000807N160017960
2301RECIBOS VARIOS NACIO                  JUAN MANUE629223-25157                
2203570012170720170720036161000000006570070000000000170720PC0010011807N010017961
2301IMPUESTOS HACIENDA                    DOMIC.AEAT001001-303835206398         
2203570012170720170720036161000000000314080000000000170720PC0010011807N010017962
2301IMPUESTOS HACIENDA                    DOMIC.AEAT001001-111839187943         
2203570012170720170720036161000000000187820000000000170720PC0010011807N010017963
2301IMPUESTOS HACIENDA                    DOMIC.AEAT001001-111836506997         
22163700481707201707201254310000000001000000000000001707217201637284551570017964
2301COMP.TPV FISICO NACI                  MARINAS DEL MEDIT                     
22165700481707201707201254310000000000620100000000001707217201657143690580017965
2301COMP.TPV FISICO NACI                  MARINAS DEL MEDIT                     
2216200012170721170721039811000000000019150000000000170724PC1020001907N380017966
2301RCBO.TELEFONO                         ORANGE ESP432956-CB9233487903         
2216200012170721170721039811000000000128320000000000170724PC1020001907N380017967
2301RCBO.TELEFONO                         ORANGE ESP429586-000046874294         
2216220012170726170726039801000000000631230000000000170727PC4829982607N010017968
2301RCBO. ELECTRICIDAD                    ENDESA    193634-999401589793         
2216220012170726170726039501000000000050000000000000170727PC7138052107N010017969
2301CUOTA ASOCIACION NAC                  ASOC.PROVI713805-B92334879            
22214400481707271707271254310000000000874000000000001707287272144259202830017970
2301COMP.TPV FISICO NACI                  IKEA MALAGA                           
2210561000170728170728036161000000000797470000000000170728PAGO RECIBO A.E0017971
2301IMPUESTOS HACIENDA                    A.E.A.T.JUST: 2002103194646           
22121620601707311707311254310000000000625700000000001707317311216195367790017972
2301COMP.TPV FISICO NACI                  NOTARIA BLESA Y CHAVES                
2217510012170731170731159421000000000733480000000000170801PC0060002707N010017973
2301CUOTAS SEG. SOCIALES                  REG.GRAL. 011250-029111797826         
2217510012170731170731159421000000000344710000000000170801PC0060002707N010017974
2301CUOTAS SEG. SOCIALES                  AUTONOMOS 000384-291010523587         
2217510012170731170731039801000000000124290000000000170801PC1020002507N130017975
2301RCBO. ELECTRICIDAD                    Fenie Ener567975-79160131114          
2211440150170801170801045901000000000261130000000000170801721350137805   0017976
2301S/O TRANSF. INTERNA                   POLMELLI FRAS 1700404                 
2213250150170801170801045901000000000876440000000000170801721350177425   0017977
2301S/O TRANSF. INTERNA                   ESC. FLORES FRA 170056                
2216430012170801170801039811000000000056020000000000170802PC1020003107N190017978
2301RCBO.TELEFONO                         FIJO952758253.AGO                     
2216430012170801170801039791000000000062940000000000170802PC2512422607N010017979
2301CDAD.VECINOS NACIONA                  COMUNIDAD 808240-053000500002         
2216430012170801170801039791000000000063770000000000170802PC2512422607N010017980
2301CDAD.VECINOS NACIONA                  COMUNIDAD 808240-053000600002         
2221030150170802170802045901000000000522940000000000170803721550017850   0017981
2301S/O TRANSF. INTERNA                   ESC. FLORES FRA 170329                
2212270150170803170803045901000000000274390000000000170803721550117666   0017982
2301S/O TRANSF. INTERNA                   ALQ.LUQUE 523-826-956-1141-65         
2216220012170804170804999511000000000012090000000000170807PC1020000308N330017983
2301RECIBOS VARIOS NACIO                  11 Interne424085-016000029149         
2216220012170804170804039851000000000372430000000000170807PC1020000408N110017984
2301RBOS DE CARBURANTES                   SOLRED    446327-0220ES000B92         
2217050012170807170807039401000000000064280000000000170808PC0358322107N010017985
2301IMPUESTOS                             IBI-URBANO000071-300044676096         
2217050012170807170807039401000000000064280000000000170808PC0358322107N010017986
2301IMPUESTOS                             IBI-URBANO000071-300044676097         
2217050012170807170807039801000000000048520000000000170808PC1020000308N200017987
2301RCBO. ELECTRICIDAD                    Fenie Ener567975-88093131227          
2217050012170807170807039801000000000078630000000000170808PC1020000308N200017988
2301RCBO. ELECTRICIDAD                    Fenie Ener567975-88085131227          
2217050012170807170807999511000000000302500000000000170808PC1020000508N100017989
2301RECIBOS VARIOS NACIO                  ALCAZAR AB613055-B92334879            
2216190012170808170808999511000000000003150000000000170809PC1020000808N100017990
2301RECIBOS VARIOS NACIO                  AXESOR CON461338-1457827              
2216200012170821170821039811000000000019780000000000170822PC1020001808N090017991
2301RCBO.TELEFONO                         ORANGE ESP432956-CB9233487903         
2214230150170822170822041922000000001010000000000000170822723450094803   0017992
2301TRASPASO DESDE CTA.                   prestamo jdg a ingenop                
2214248076170822170822999511000000000121000000000000170822MBDK082200078090017993
2301RECIBOS VARIOS NACIO                  JUAN MANUE629223-25157        20170822
2214248076170822170822039811000000000123020000000000170822MBDK082200078180017994
2301RCBO.TELEFONO                         ORANGE ESP429586-000046874294 20170822
2216180012170822170822039801000000000426670000000000170823PC4829982208N010017995
2301RCBO. ELECTRICIDAD                    ENDESA    193634-999401589793         
2216180012170825170825039501000000000050000000000000170828PC7138052208N010017996
2301CUOTA ASOCIACION NAC                  ASOC.PROVI713805-B92334879            
2223290150170831170831041922000000003005000000000000170901724450031606   0017997
2301TRASPASO DESDE CTA.                   prestamo jdg a ingenieria             
2223298076170831170831039391000000000012430000000000170901MBDK083000065790017998
2301RECIBOS DE AGUA                       EMASA     POLIZA :10000002862520170830
2223298076170831170831159421000000000344710000000000170901MBDK090100244560017999
2301CUOTAS SEG. SOCIALES                  AUTONOMOS 000384-291010523587 20170901
2216250012170901170901039811000000000067630000000000170904PC1020003108N320018000
2301RCBO.TELEFONO                         FIJO952758253.SEP                     
2216250012170901170901039791000000000062940000000000170904PC2512422808N070018001
2301CDAD.VECINOS NACIONA                  COMUNIDAD 808240-053000500002         
2216250012170901170901039791000000000063770000000000170904PC2512422808N070018002
2301CDAD.VECINOS NACIONA                  COMUNIDAD 808240-053000600002         
2216220012170904170904039801000000000025030000000000170905PC1020000209N100018003
2301RCBO. ELECTRICIDAD                    Fenie Ener567975-96530140205          
22143000481709051709051254310000000001745800000000001709059051430364059100018004
2301COMP.TPV FISICO NACI                  BRICOMART MALAGA                      
2216240012170905170905999511000000000012090000000000170906PC1020000509N100018005
2301RECIBOS VARIOS NACIO                  11 Interne424085-016000029149         
2216240012170905170905039851000000000253200000000000170906PC1020000509N100018006
2301RBOS DE CARBURANTES                   SOLRED    446327-0220ES000B92         
2216380150170907170907045921000000001230000000000000170907103T725000005830018007
2301TRASPASO A CUENTA                     HIPOTECA TEJIDOS                      
2216380150170907170907175611000000000002000000000000170908TM6CMCCTBT4CCDR0018008
2301COMISION TRANSFERENC                  COM. TRANSF. 21030150000001985        
2216190012170908170908039801000000000053530000000000170911PC1020000109N150018009
2301RCBO. ELECTRICIDAD                    Fenie Ener567975-88093131227          
2216190012170908170908039801000000000084280000000000170911PC1020000609N230018010
2301RCBO. ELECTRICIDAD                    Fenie Ener567975-88085131227          
22023100301709091709110421620000000213946400000000001709110908006240058380018011
2301DEVOLUCION IMPUESTOS                  A.E.A.T. DEVOLUCIONES TRIBUTAR        
22211600481709111709111254310000000000899500000000001709129112116035729850018012
2301COMP.TPV FISICO NACI                  020-FEU VERT                          
2213140150170913170913045901000000000605000000000000170913103T725650072180018013
2301TRANSF.SEPA NACIONAL                  HORMIGONES ALFONSO FRA 60             
2213140150170913170913175611000000000002000000000000170913TM6CMCCPJS6CMTS0018014
2301COMISION TRANSFERENC                  COMISION TRANSFERENCIA SEPA           
2216180012170913170913999511000000000302500000000000170914PC1020001309N090018015
2301RECIBOS VARIOS NACIO                  ALCAZAR AB613055-B92334879            
2200530006170917170917177021000000000010000000000000170918TM6CMCCPBG6CNCM0018016
2301COM.MANTENIMIENTO                     COMISION DE MANTENIMIENTO             
2210408076170918170918039391000000000071630000000000170918MBDK090600236660018017
2301RECIBOS DE AGUA                       EMASA     POLIZA :10000002862520170906
2210408076170918170918039391000000000087540000000000170918MBDK090600236750018018
2301RECIBOS DE AGUA                       EMASA     POLIZA :10000002862520170906
2213490151170918170918041912000000000300000000000000170918726150204733   0018019
2301TRANSFERENCIA INTERN                  CDAD.PROP.C/TEJIDOS Nº3               
2216230012170919170919999511000000000121000000000000170920PC1020000709N190018020
2301RECIBOS VARIOS NACIO                  JUAN MANUE629223-25157                
2215390150170920170920045901000000000329120000000000170920726350117416   0018021
2301S/O TRANSF. INTERNA                   METAL GOMEZ FRA 136/1                 
22125500481709211709211254310000000000410500000000001709219211255494794650018022
2301COMP.TPV FISICO NACI                  ITV GUADALHORCE-CARL                  
2216220012170921170921039801000000000570880000000000170922PC4829982109N010018023
2301RCBO. ELECTRICIDAD                    ENDESA    193634-999401589793         
22201200481709211709211254310000000000300000000000001709229212012196197930018024
2301COMP.TPV FISICO NACI                  SMASSA - PZA JUAN DE                  
22201300481709211709211254310000000000300000000000001709229212013443122360018025
2301COMP.TPV FISICO NACI                  SMASSA - PZA JUAN DE                  
2216260012170922170922039811000000000138810000000000170925PC1020002009N310018026
2301RCBO.TELEFONO                         ORANGE ESP429586-000046874294         
2216260012170922170922039811000000000020150000000000170925PC1020002109N120018027
2301RCBO.TELEFONO                         ORANGE ESP432956-CB9233487903         
22132600481709241709241254310000000000308200000000001709259241326098138530018028
2301COMP.TPV VIRTUAL NAC                  MOVELIA BILLETES AUT                  
2216240012170925170925039801000000000039940000000000170926PC1020001609N140018029
2301RCBO. ELECTRICIDAD                    Fenie Ener567975-96530140205          
22165335901709251709250369910000000000323200000000001709250290671201700050018030
2301EMBARGOS TELEMATICOS                  EMBARGO AYUNTAMIENTO MALAGA           
22140200481709281709281254310000000001400000000000001709289281402497036960018031
2301COMP.TPV FISICO NACI                  AUTOSONIDO MALAGA                     
2218230012170928170928039501000000000050000000000000170929PC7138052609N010018032
2301CUOTA ASOCIACION NAC                  ASOC.PROVI713805-B92334879            
2218230012170928170928039801000000000172460000000000170929PC1020002609N230018033
2301RCBO. ELECTRICIDAD                    Fenie Ener567975-79160131114          
2211520150170929170929045901000000000328270000000000170929727250120134   0018034
2301S/O TRANSF. INTERNA                   ESCAYOLAS FLORES FRA 170466           
2211560150170929170929045921000000003000000000000000170929727250121571   0018035
2301TRASPASO A CUENTA                     nominas ingenop                       
2212000150170929170929045921000000008000000000000000170929727250122820   0018036
2301TRASPASO A CUENTA                     dev prestamo 5/5/17 francisca         
2212030150170929170929045921000000002000000000000000170929727250123833   0018037
2301TRASPASO A CUENTA                     dev prestamo 26/4/17 a jdg            
2216330012170929170929159421000000000344710000000000171002PC0060002709N010018038
2301CUOTAS SEG. SOCIALES                  AUTONOMOS 000384-291010523587         
2216330012170929170929999511000000000045980000000000171002PC1020002909N100018039
2301RECIBOS VARIOS NACIO                  Arsys Inte442070-ESB923348790         
2216280012171002171002039811000000000065710000000000171003PC1020002909N300018040
2301RCBO.TELEFONO                         FIJO952758253.OCT                     
2216280012171002171002039791000000000062940000000000171003PC2512422509N030018041
2301CDAD.VECINOS NACIONA                  COMUNIDAD 808240-053000500002         
2216280012171002171002039791000000000063770000000000171003PC2512422509N030018042
2301CDAD.VECINOS NACIONA                  COMUNIDAD 808240-053000600002         
2212188076171003171002981752000000000065710000000000171003DE1020002909N300018043
2301RETROCESION CARGO                     DEV.REC. 412068-X00405239605          
2216200012171003171003999511000000000002410000000000171004PC1020000310N110018044
2301RECIBOS VARIOS NACIO                  11 Interne424085-016000029149         
2216200012171003171003039851000000000353920000000000171004PC1020000310N110018045
2301RBOS DE CARBURANTES                   SOLRED    446327-0220ES000B92         
2216030012171005171005039401000000000064280000000000171006PC0358322709N040018046
2301IMPUESTOS                             IBI-URBANO000071-300044676096         
2216030012171005171005039401000000000064280000000000171006PC0358322709N040018047
2301IMPUESTOS                             IBI-URBANO000071-300044676097         
2216030012171005171005999511000000000011700000000000171006PC1020000510N100018048
2301RECIBOS VARIOS NACIO                  11 Interne424085-016000029149         
22000000481710071710041254310000000005242900000000001710090070909040233220018049
2301COMP.TPV FISICO NACI                  AIR FRANCE                            
2215540150171007171009045921000000001230000000000000171009103T728200003850018050
2301TRASPASO A CUENTA                     HIPOTECA TEJIDOS                      
2215540150171007171007175611000000000002000000000000171009TM6CMCCTBT4CCDR0018051
2301COMISION TRANSFERENC                  COM. TRANSF. 21030150000001985        
2216190012171009171009039801000000000043350000000000171010PC1020000510N220018052
2301RCBO. ELECTRICIDAD                    Fenie Ener567975-88093131227          
2216190012171009171009039801000000000072310000000000171010PC1020000510N220018053
2301RCBO. ELECTRICIDAD                    Fenie Ener567975-88085131227          
2216190012171009171009999511000000000302500000000000171010PC1020000710N090018054
2301RECIBOS VARIOS NACIO                  ALCAZAR AB613055-B92334879            
22000000481710101710071254310000000001450200000000001710100100936535170630018055
2301COM TPV FISICO INTER                  MY PROJECTOR LAMPS EU                 
22150300481710111710111254310000000000537800000000001710110111503300069680018056
2301COMP.TPV FISICO NACI                  ITV GUADALHORCE-CARL                  
2219230150171011171011045901000000001103430000000000171012728550003986   0018057
2301S/O TRANSF. INTERNA                   flores 745-188-334-622                
22210100481710111710111254310000000000187000000000001710120112101525151940018058
2301COMP.TPV FISICO NACI                  MIDAS SILENCIADOR SL                  
22124700481710131710131254310000000001859200000000001710130131247492269820018059
2301COMP.TPV FISICO NACI                  CASTILLO DE PILA                      
22121300481710141710141254310000000001396500000000001710160141213471745700018060
2301COMP.TPV FISICO NACI                  POSADA SAN JOSE                       
22194400481710141710141254310000000000550000000000001710160141944161957080018061
2301COMP.TPV FISICO NACI                  HOTEL CIUDAD EN                       
2216160012171016171016039801000000000043800000000000171017PC1020001110N320018062
2301RCBO. ELECTRICIDAD                    Fenie Ener567975-96530140205          
2211590150171017171017045901000000000290980000000000171017103T729050059870018063
2301TRANSF.SEPA NACIONAL                  NONILLOFRA 43/17 y 42/17              
2211590150171017171017175611000000000002000000000000171017TM6CMCCPJS6CMTS0018064
2301COMISION TRANSFERENC                  COMISION TRANSFERENCIA SEPA           
2212410150171017171017045901000000000104850000000000171017103T729050068950018065
2301TRANSF.SEPA NACIONAL                  OMSUSCRIPCIONES AVAL comp.Agua        
2212410150171017171017175611000000000002000000000000171017TM6CMCCPJS6CMTS0018066
2301COMISION TRANSFERENC                  COMISION TRANSFERENCIA SEPA           
2212590150171017171017045901000000000143180000000000171017103T729050072470018067
2301TRANSF.SEPA NACIONAL                  OMSUSCRIPCIONES AVAL defi.AGUA        
2212590150171017171017175611000000000002000000000000171017TM6CMCCPJS6CMTS0018068
2301COMISION TRANSFERENC                  COMISION TRANSFERENCIA SEPA           
22122300481710191710191254310000000000112800000000001710190191223464024310018069
2301COMP.TPV FISICO NACI                  REGISTRO MERCANTIL M                  
22123700481710191710191254310000000001575200000000001710190191237003496460018070
2301COMP.TPV VIRTUAL NAC                  EROSKI MALAGA                         
2215540012171019171019999511000000000121000000000000171020PC1020001410N130018071
2301RECIBOS VARIOS NACIO                  JUAN MANUE629223-25157                
2219410150171019171019041922000000002010000000000000171020729350006432   0018072
2301TRASPASO DESDE CTA.                   prestamo jdg a ingenop                
2219450150171019171020045901000000001160990000000000171020103T729350003920018073
2301TRANSF.SEPA NACIONAL                  HORM. DOGILO FRAS FV3684-181          
2219450150171019171019175611000000000002000000000000171020TM6CMCCPJS6CMTS0018074
2301COMISION TRANSFERENC                  COMISION TRANSFERENCIA SEPA           
2219560150171019171019041922000000000157520000000000171020729350007876   0018075
2301TRASPASO DESDE CTA.                   EROSKI                                
2203570012171020171020036161000000000272570000000000171020PC0010011810N010018076
2301IMPUESTOS HACIENDA                    DOMIC.AEAT001001-202838483950         
2203570012171020171020036161000000000070430000000000171020PC0010011810N010018077
2301IMPUESTOS HACIENDA                    DOMIC.AEAT001001-111837572417         
2216210012171020171020039811000000000020150000000000171023PC1020001910N300018078
2301RCBO.TELEFONO                         ORANGE ESP432956-CB9233487903         
2216210012171020171020039811000000000003630000000000171023PC1020001910N300018079
2301RCBO.TELEFONO                         ORANGE ESP432956-CB9233487901         
2216210012171020171020039811000000000129230000000000171023PC1020001910N300018080
2301RCBO.TELEFONO                         ORANGE ESP429586-000046874294         
22000000481710211710191254310000000000010000000000001710230211015487089310018081
2301COMP.TPV FISICO NACI                  SENTIL 2000 sl                        
2210520156171023171023041912000000008028040000000000171023729650154053   0018082
2301TRANSFERENCIA INTERN                  AYUNTAMIENTO DE MIJAS                 
2212200150171023171023045901000000000676340000000000171023729650176383   0018083
2301S/O TRANSF. INTERNA                   PALYMAR JOYMA FRA 20170096            
2212220150171023171023045901000000000468050000000000171023103T729650081940018084
2301TRANSF.SEPA NACIONAL                  TALLER SEBAS FRA. 1700085             
2212220150171023171023175611000000000002000000000000171023TM6CMCCPJS6CMTS0018085
2301COMISION TRANSFERENC                  COMISION TRANSFERENCIA SEPA           
2214100150171023171023045901000000000742000000000000171023729650203635   0018086
2301S/O TRANSF. INTERNA                   PACO GOME PARQUE ANTENA 9/2017        
2216140012171023171023039801000000000528940000000000171024PC4829982210N010018087
2301RCBO. ELECTRICIDAD                    ENDESA    193634-999401589793         
2217320150171023171023045921000000002010000000000000171024729650223655   0018088
2301TRASPASO A CUENTA                     dev. prestamo jdg a ingenieria        
2217420150171023171023045901000000000869630000000000171024103T729650116670018089
2301TRANSF.SEPA NACIONAL                  LOXAM FRAS 853610071-abono            
2217420150171023171023175611000000000002000000000000171024TM6CMCCPJS6CMTS0018090
2301COMISION TRANSFERENC                  COMISION TRANSFERENCIA SEPA           
22000000481710241710211254310000000002390500000000001710240240929056632360018091
2301COMP.TPV FISICO NACI                  PAYPAL *CASLE S                       
2209360150171025171025045901000000000105270000000000171025103T729850023850018092
2301TRANSF.SEPA NACIONAL                  LOXAM FRAS F8613561                   
2209360150171025171025175611000000000002000000000000171025TM6CMCCPJS6CMTS0018093
2301COMISION TRANSFERENC                  COMISION TRANSFERENCIA SEPA           
22133000481710261710261254310000000000290400000000001710260261330252941980018094
2301COMP.TPV VIRTUAL NAC                  FABRICA NACIONAL MON                  
22140800481710261710261254310000000000290400000000001710260261408337347650018095
2301COMP.TPV VIRTUAL NAC                  FABRICA NACIONAL MON                  
22141300481710261710261254310000000000290400000000001710260261413005229550018096
2301COMP.TPV VIRTUAL NAC                  FABRICA NACIONAL MON                  
2209480150171027171027045901000000000100000000000000171027103T730050029230018097
2301TRANSF.SEPA NACIONAL                  adoquineros retenc. mijas             
2209480150171027171027175611000000000002000000000000171027TM6CMCCPJS6CMTS0018098
2301COMISION TRANSFERENC                  COMISION TRANSFERENCIA SEPA           
2216150012171027171027039581000000000846320000000000171030PC1020002710N090018099
2301RBOS. SEG. NACIONAL                   ALLIANZ SE479470-000306186191         
2210448076171030171030039391000000000012290000000000171030MBDK103000087240018100
2301RECIBOS DE AGUA                       EMASA     POLIZA :10000002862520171030
2216200012171030171030039501000000000050000000000000171031PC7138052610N010018101
2301CUOTA ASOCIACION NAC                  ASOC.PROVI713805-B92334879            
2216390012171031171031159421000000000344710000000000171101PC0060003010N010018102
2301CUOTAS SEG. SOCIALES                  AUTONOMOS 000384-291010523587         
2216390012171031171031999511000000000007250000000000171101PC1020003110N110018103
2301RECIBOS VARIOS NACIO                  11 Interne424085-016000029149         
2216290012171101171101039581000000000334500000000000171102PC1020003110N120018104
2301RBOS. SEG. NACIONAL                   ALLIANZ SE479470-000684648845         
2216290012171101171101039811000000000025330000000000171102PC1020003110N340018105
2301RCBO.TELEFONO                         MOV.689750145.NOV                     
2216290012171101171101039811000000000014000000000000171102PC1020003110N340018106
2301RCBO.TELEFONO                         MOV.681155240.NOV                     
2216290012171101171101039791000000000062940000000000171102PC2512422510N010018107
2301CDAD.VECINOS NACIONA                  COMUNIDAD 808240-053000500002         
2216290012171101171101039791000000000063770000000000171102PC2512422510N010018108
2301CDAD.VECINOS NACIONA                  COMUNIDAD 808240-053000600002         
2217398076171101171101981752000000000025330000000000171102DE1020003110N340018109
2301RETROCESION CARGO                     DEV.REC. 418355-400112436243          
2217428076171101171101981752000000000014000000000000171102DE1020003110N340018110
2301RETROCESION CARGO                     DEV.REC. 418355-400112436288          
2215500012171102171102039801000000000044380000000000171103PC1020002710N130018111
2301RCBO. ELECTRICIDAD                    Fenie Ener567975-79160131114          
22181400481711021711021254310000000002240000000000001711031021814376045850018112
2301COMP.TPV FISICO NACI                  HOTEL TRYP GRAN VIA                   
2216160012171103171103039851000000000441130000000000171106PC1020000311N110018113
2301RBOS DE CARBURANTES                   SOLRED    446327-0220ES000B92         
22163800481711041711041254310000000000500000000000001711061041638113413520018114
2301COMP.TPV FISICO NACI                  PARKING PLAZA DEL CA                  
22182600481711041711041254310000000000600000000000001711061041826155793300018115
2301COMP.TPV FISICO NACI                  UNION                                 
2216190012171106171106999511000000000015270000000000171107PC1020000311N350018116
2301RECIBOS VARIOS NACIO                  11 Interne424085-016000029149         
2211048076171108171108039391000000000039920000000000171108MBDK110300184940018117
2301RECIBOS DE AGUA                       EMASA     POLIZA :10000002862520171103
2211048076171108171108039391000000000071050000000000171108MBDK110300185000018118
2301RECIBOS DE AGUA                       EMASA     POLIZA :10000002862520171103
2216160012171108171108999511000000000066960000000000171109PC1020000811N100018119
2301RECIBOS VARIOS NACIO                  AXESOR CON461338-1457827              
2216023590171114171114036991000000000581540000000000171114000000010673_100018120
2301EMBARGOS TELEMATICOS                  EMBARGO JUDICIAL                      
2211230150171115171115999511000000000390960000000000171115OA01111300073600018121
2301RECIBOS VARIOS NACIO                  ALCAZAR AB613055-B92334879    20171113
2210340150171117171117999511000000000012090000000000171117OA01111500112640018122
2301RECIBOS VARIOS NACIO                  11 Interne424085-016000029149 20171115
2210400150171117171117041922000000000400000000000000171117732150060026   0018123
2301TRASPASO DESDE CTA.                   prestamo Juan a ingenop               
2212500150171117171117039801000000000027470000000000171117OA01111700059920018124
2301RCBO. ELECTRICIDAD                    Fenie Ener567975-88093131227  20171117
2212500150171117171117039801000000000045920000000000171117OA01111700059830018125
2301RCBO. ELECTRICIDAD                    Fenie Ener567975-88085131227  20171117
2214120150171121171121041922000000000100000000000000171121732550109632   0018126
2301TRASPASO DESDE CTA.                   prestamo jdg a ingenop                
2214140150171121171121041922000000000105000000000000171121732550109783   0018127
2301TRASPASO DESDE CTA.                   prestamo jdg a ingenop                
2214148076171121171121999511000000000121000000000000171121MBDK112100108910018128
2301RECIBOS VARIOS NACIO                  JUAN MANUE629223-25157        20171121
2215443590171123171123036991000000000007560000000000171123000000010744_260018129
2301EMBARGOS TELEMATICOS                  EMBARGO JUDICIAL                      
2210410150171124171124039811000000000020150000000000171124OA01112300048420018130
2301RCBO.TELEFONO                         ORANGE ESP432956-CB9233487903 20171123
2210410150171124171124039811000000000008770000000000171124OA01112300048330018131
2301RCBO.TELEFONO                         ORANGE ESP432956-CB9233487901 20171123
2210420150171124171124039811000000000132110000000000171124OA01112300048510018132
2301RCBO.TELEFONO                         ORANGE ESP429586-000046874294 20171123
2210420150171124171124039801000000000647600000000000171124OA01112300048240018133
2301RCBO. ELECTRICIDAD                    ENDESA    193634-999401589793 20171123
2212210150171124171124041922000000000810000000000000171124732850109413   0018134
2301TRASPASO DESDE CTA.                   prestamo jdg a ingenop                
22023600301711291711290419120000000022626300000000001711291128006180145410018135
2301TRANSF.SEPA NACIONAL                  INSTITUTO MUNICIPAL DE LA VIVIENDA    
2209060150171129171129041922000000000010000000000000171129733350047453   0018136
2301TRASPASO DESDE CTA.                   Transferencia                         
2209100150171129171129045901000000002262630000000000171129103T733350029310018137
2301TRANSF.SEPA NACIONAL                  Ferson imv                            
2209100150171129171129175611000000000002000000000000171129TM6CMCCPJS6CMTS0018138
2301COMISION TRANSFERENC                  COMISION TRANSFERENCIA SEPA           
2210100150171201171201039801000000000052080000000000171201OA01112900072190018139
2301RCBO. ELECTRICIDAD                    Fenie Ener567975-96530140205  20171129
2216033590171201171201036991000000000009370000000000171201000000010875_230018140
2301EMBARGOS TELEMATICOS                  EMBARGO JUDICIAL                      
2214340150171204171204041922000000000053000000000000171204733850367365   0018141
2301TRASPASO DESDE CTA.                   TRANSF. A SU FAVOR                    
2214360150171204171204041922000000000200000000000000171204733850367881   0018142
2301TRASPASO DESDE CTA.                   TRANSF. A SU FAVOR                    
2214368076171204171204039501000000000050000000000000171204MBDK112700063470018143
2301CUOTA ASOCIACION NAC                  ASOC.PROVI713805-B92334879    20171127
2214368076171204171204039791000000000062940000000000171204MBDK120400342960018144
2301CDAD.VECINOS NACIONA                  COMUNIDAD 808240-053000500002 20171204
2214378076171204171204039791000000000063770000000000171204MBDK120400343030018145
2301CDAD.VECINOS NACIONA                  COMUNIDAD 808240-053000600002 20171204
2214370150171204171204041922000000000325000000000000171204733850368275   0018146
2301TRASPASO DESDE CTA.                   TRANSF. A SU FAVOR                    
2214388076171204171204159421000000000344710000000000171204MBDK120100296330018147
2301CUOTAS SEG. SOCIALES                  AUTONOMOS 000384-291010523587 20171201
2214400150171204171204041922000000000180000000000000171204733850368791   0018148
2301TRASPASO DESDE CTA.                   TRANSF. A SU FAVOR                    
2214410150171204171204045901000000000183560000000000171204733850369196   0018149
2301S/O TRANSF. INTERNA                   ALQ.LUQUE S 662                       
2210440150171207171207999511000000000012080000000000171207OA01120600320090018150
2301RECIBOS VARIOS NACIO                  11 Interne424085-016000029149 20171206
2210440150171207171207039851000000000712500000000000171207OA01120600320180018151
2301RBOS DE CARBURANTES                   SOLRED    446327-0220ES000B92 20171206
2210070150171211171211999511000000000013850000000000171211OA01120800082120018152
2301RECIBOS VARIOS NACIO                  AXESOR CON461338-1457827      20171208
2212250150171211171211041922000000000840000000000000171211734550231580   0018153
2301TRASPASO DESDE CTA.                   prestamo jdg a ingenop                
2212268076171211171211039401000000000064270000000000171211MBDK120600319830018154
2301IMPUESTOS                             IBI-URBANO000071-300044676096 20171206
2212280150171211171211041922000000000330000000000000171211734550232884   0018155
2301TRASPASO DESDE CTA.                   prestamo jdg a ingenop                
2212288076171211171211999511000000000302500000000000171211MBDK120800082030018156
2301RECIBOS VARIOS NACIO                  ALCAZAR AB613055-B92334879    20171208
2212288076171211171211039401000000000064270000000000171211MBDK120600319920018157
2301IMPUESTOS                             IBI-URBANO000071-300044676097 20171206
2200550006171217171217177021000000000001470000000000171218TM6CMCCPBG6CNCM0018158
2301COM.MANTENIMIENTO                     COMISION DE MANTENIMIENTO             
2211438076171218171218041922000000000010000000000000171218735250211766   0018159
2301TRASPASO DESDE CTA.                   TRANSF. A SU FAVOR                    
2216210100171218171218177021000000000008530000000000171219TM4CRCO 00002  0018160
2301COM.MANTENIMIENTO                     COMISION DE MANTENIM                  
2212378076171220171220041922000000000370000000000000171220735450111330   0018161
2301TRASPASO DESDE CTA.                   TRANSF. A SU FAVOR                    
2212388076171220171220036161000000000272570000000000171220MBDK122001599270018162
2301IMPUESTOS HACIENDA                    DOMIC.AEAT001001-202833188047 20171220
2212388076171220171220999511000000000095430000000000171220MBDK122000056740018163
2301RECIBOS VARIOS NACIO                  JUAN MANUE629223-25157        20171220
2215018076171222171222041922000000000250000000000000171222735650154666   0018164
2301TRASPASO DESDE CTA.                   TRANSF. A SU FAVOR                    
2215028076171222171222039801000000000041720000000000171222MBDK122100055480018165
2301RCBO. ELECTRICIDAD                    Fenie Ener567975-88093131227  20171221
2215028076171222171222039801000000000047060000000000171222MBDK122100055570018166
2301RCBO. ELECTRICIDAD                    Fenie Ener567975-88085131227  20171221
2215028076171222171222039811000000000020150000000000171222MBDK122200040940018167
2301RCBO.TELEFONO                         ORANGE ESP432956-CB9233487903 20171222
2215028076171222171222039811000000000134610000000000171222MBDK122200041010018168
2301RCBO.TELEFONO                         ORANGE ESP429586-000046874294 20171222
2214228076171228171228041922000000001305000000000000171228736250155455   0018169
2301TRASPASO DESDE CTA.                   prestamo jdg a ingenop                
2214228076171228171228039801000000000818630000000000171228MBDK122600089330018170
2301RCBO. ELECTRICIDAD                    ENDESA    193634-999401589793 20171226
2214238076171228171228039501000000000250000000000000171228MBDK122800120700018171
2301CUOTA ASOCIACION NAC                  ASOC.PROVI713805-B92334879    20171228
2214238076171228171228039501000000000050000000000000171228MBDK122800120610018172
2301CUOTA ASOCIACION NAC                  ASOC.PROVI713805-B92334879    20171228
2214248076171228171228039801000000000055130000000000171228MBDK122800120890018173
2301RCBO. ELECTRICIDAD                    Fenie Ener567975-96530140205  20171228
2214248076171228171228039801000000000021910000000000171228MBDK122800120980018174
2301RCBO. ELECTRICIDAD                    Fenie Ener567975-79160131114  20171228
2215588076171231171231041922000000000250000000000000180102800250151025   0018175
2301TRASPASO DESDE CTA.                   TRANSF. A SU FAVOR                    
2215588076171231171231159421000000000344710000000000180102MBDK010200227750018176
2301CUOTAS SEG. SOCIALES                  AUTONOMOS 000384-291010523587 20180102
2215588076171231171231039391000000000015530000000000180102MBDK122900126940018177
2301RECIBOS DE AGUA                       EMASA     POLIZA :10000002862520171229
3321030150003000567000453000000257708030006700000025380298200000000100902978    
88999999999999999999001042                                                      
